@misc{mmixfasc,
  title={The Art of Computer Programming--Vol. 1: MMIX a RISC Computer for the new Millennium. Fascicle 1},
  author={Knuth, Donald E},
  publisher={Addison--Wesley Pub. Co., Reading, MA}
}
@misc{knuth1968art,
  title={The Art of Computer Programming: Fundamental Algorithms, Vol. I},
  author={Knuth, Donald E},
  year={1968},
  publisher={Addison-Wesley}
}











